

@article{leutnant_stormwater_2016,
	title = {Stormwater {Pollutant} {Process} {Analysis} with {Long}-{Term} {Online} {Monitoring} {Data} at {Micro}-{Scale} {Sites}},
	volume = {8},
	issn = {2073-4441},
	url = {http://www.mdpi.com/2073-4441/8/7/299},
	doi = {10.3390/w8070299},
	language = {en},
	number = {7},
	urldate = {2016-07-21},
	journal = {Water},
	author = {Leutnant, Dominik and Muschalla, Dirk and Uhl, Mathias},
	month = jul,
	year = {2016},
	note = {00000},
	pages = {299}
}

@book{gujer_systems_2008,
	address = {Berlin, Heidelberg, Germany},
	title = {Systems {Analysis} for {Water} {Technology}},
	isbn = {978-3-540-77277-4},
	shorttitle = {Systems {Analysis} for {Water} {Technology}},
	publisher = {Springer-Verlag},
	author = {Gujer, W.},
	year = {2008}
}

@article{bertrand-krajewski_distribution_1998,
	title = {Distribution of pollutant mass vs volume in stormwater discharges and the first flush phenomenon},
	volume = {32},
	shorttitle = {Distribution of pollutant mass vs volume in stormwater discharges and the first flush phenomenon},
	url = {http://www.scopus.com/inward/record.url?eid=2-s2.0-0032146023&partnerID=40&md5=d6517b6efa014bc12f3ae70abe71977d},
	number = {8},
	journal = {Water Research},
	author = {Bertrand-Krajewski, J. L. and Chebbo, G. and Saget, A.},
	year = {1998},
	keywords = {Combined sewer system, First flush, Pollutant load distribution, Separate sewer system, Storage and treatment tanks, Stormwater discharges, Suspended Solids},
	pages = {2341--2356}
}
@Article{olivotoMetanPackageMultienvironment2020,
  title = {Metan: {{An R}} Package for Multi-Environment Trial Analysis},
  author = {T Olivoto and AD Lucio},
  date = {2020-06},
  journaltitle = {METHODS IN ECOLOGY AND EVOLUTION},
  volume = {11},
  number = {6},
  pages = {783--789},
  issn = {2041-210X},
  doi = {10.1111/2041-210X.13384},
  file = {C\:\\Users\\jhgille2\\Zotero\\storage\\CC9KVRHC\\Olivoto and Lucio - 2020 - metan An R package for multi-environment trial an.pdf},
}
@Misc{fehr1987soybeans,
  title = {Soybeans: {{Improvement}}, Production and Uses},
  author = {In Fehr},
  date = {1987},
  publisher = {{Manograph}},
}
@Article{Osage,
  title = {Registration of {{Osage}} Soybean},
  author = {P Chen and CH Sneller and LA Mozzoni and JC Rupe},
  date = {2007},
  journaltitle = {Journal of plant registrations},
  volume = {1},
  number = {2},
  pages = {89--92},
  publisher = {{Wiley Online Library}},
}

@Article{de2014agricolae,
  title = {Agricolae: Statistical Procedures for Agricultural Research},
  author = {Felipe {De Mendiburu}},
  date = {2014},
  journaltitle = {R package version},
  volume = {1},
  number = {1},
  pages = {1--4},
}

@Manual{rcoreteamLanguageEnvironmentStatistical2022,
  type = {manual},
  title = {R: {{A}} Language and Environment for Statistical Computing},
  author = {{R Core Team}},
  date = {2022},
  location = {{Vienna, Austria}},
  url = {https://www.R-project.org/},
  organization = {{R Foundation for Statistical Computing}},
}
@Article{burton1987quantitative,
  title = {Quantitative Genetics: Results Relevant to Soybean Breeding},
  author = {JW Burton},
  date = {1987},
  journaltitle = {Agronomy (USA)},
}

@Article{ProtOilCorr,
  title = {Expanding Omics Resources for Improvement of Soybean Seed Composition Traits},
  author = {Juhi Chaudhary and Gunvant B Patil and Humira Sonah and Rupesh K Deshmukh and Tri D Vuong and Babu Valliyodan and Henry T Nguyen},
  date = {2015},
  journaltitle = {Frontiers in Plant Science},
  volume = {6},
  pages = {1021},
  publisher = {{Frontiers}},
}

@Article{ProtOilCorr_new,
  title = {Association between Chemical Composition of Seed and Seed Yield of Soybeans 1},
  author = {Edgar E Hartwig and Kuell Hinson},
  date = {1972},
  journaltitle = {Crop science},
  volume = {12},
  number = {6},
  pages = {829--830},
  publisher = {{Wiley Online Library}},
}
@Article{ProteinGenomics,
  title = {Molecular Mapping and Genomics of Soybean Seed Protein: A Review and Perspective for the Future},
  author = {Gunvant Patil and Rouf Mian and Tri Vuong and Vince Pantalone and Qijian Song and Pengyin Chen and Grover J Shannon and Tommy C Carter and Henry T Nguyen},
  date = {2017},
  journaltitle = {Theoretical and Applied Genetics},
  volume = {130},
  number = {10},
  pages = {1975--1991},
  publisher = {{Springer}},
}
@Article{SeedCompositionGenomics,
  type = {Journal article},
  title = {Integration of Omics Approaches to Understand Oil/Protein Content during Seed Development in Oilseed Crops},
  author = {M. Gupta and P. B. Bhaskar and S. Sriram and P. H. Wang},
  date = {2017},
  journaltitle = {Plant Cell Reports},
  volume = {36},
  number = {5},
  pages = {637--652},
  issn = {0721-7714},
  doi = {10.1007/s00299-016-2064-1},
  url = {<Go to ISI>://WOS:000401567700002 https://link.springer.com/article/10.1007%2Fs00299-016-2064-1},
  file = {C\:\\Users\\jhgille2\\Zotero\\storage\\GIXRTMJP\\Gupta et al. - 2017 - Integration of omics approaches to understand oil.pdf},
}
@Article{HiProtHiYield02,
  title = {Registration of {{R05-1415}} and {{R05-1772}} High-Protein Soybean Germplasm Lines},
  author = {P Chen and T Ishibashi and DG Dombek and JC Rupe},
  date = {2011},
  journaltitle = {Journal of Plant Registrations},
  volume = {5},
  number = {3},
  pages = {410--413},
  publisher = {{The Crop Science Society of America, Inc.}},
}
@Article{HiProtHiYield04,
  title = {Registration of Soybean Germplasm Lines {{TN03-350}} and {{TN04-5321}} with Improved Protein Concentration and Quality},
  author = {DR Panthee and VR Pantalone},
  date = {2006},
  journaltitle = {Crop science},
  volume = {46},
  number = {5},
  pages = {2328},
  publisher = {{American Society of Agronomy}},
}
@Article{HiProtHiYield01,
  title = {Registration {{ofProlina}}'{{Soybean}}},
  author = {JW Burton and RF WILSON and {others}},
  date = {1999},
  journaltitle = {Crop science},
  volume = {39},
  number = {1},
  pages = {294--295},
  publisher = {{Crop Science Society of America}},
}
@Article{HighPro1,
  title={Registration of ‘Highpro1’soybean with high protein and high yield developed from a North x South cross},
  author={Mian, MA Rouf and McHale, Leah and Li, Zenglu and Dorrance, Anne E},
  journal={Journal of Plant Registrations},
  volume={11},
  number={1},
  pages={51--54},
  year={2017},
  publisher={Wiley Online Library}
}
@Manual{lenthEmmeansEstimatedMarginal2022,
  type = {manual},
  title = {Emmeans: {{Estimated}} Marginal Means, Aka Least-Squares Means},
  author = {Russell V. Lenth},
  date = {2022},
  url = {https://CRAN.R-project.org/package=emmeans},
}

@Article{NCRaleighregistration,
  title = {Registration of'{{NC-Raleigh}}'soybean},
  author = {JW Burton and TE {Carter Jr} and MO Fountain and DT Bowman},
  date = {2006},
  journaltitle = {Crop science},
  volume = {46},
  number = {6},
  pages = {2710},
  publisher = {{American Society of Agronomy}},
}
